@article{mikolov2013,
	author = "T. Mikolov, I. Sutskever, K. Chen, G. Corrado, J. Dean",
	title = "Distributed Representations of Words and Phrases
	and their Compositionality.",
	journal = "In Proceedings of NIPS 2013",
	year = "2013",
}

@article{kim2014,
	author = "Yoon Kim",
	title = "Convolutional Neural Networks for Sentence Classification",
	journal = "Proceedings of the 2014 Conference on Empirical Methods in Natural Language Processing (EMNLP)",
	year = "2014",
	address="Doha, Qatar"
}

@article{adam2015,
	author = "Diederik P. Kingma, Jimmy Lei Ba",
	title = "ADAM: A METHOD FOR STOCHASTIC OPTIMIZATION",
	journal = "Published as a conference paper at ICLR 2015",
	year = "2015",
	url="http://arxiv.org/pdf/1412.6980v8.pdf"
}

@article{bowang2015,
	author = "Bo Wang, Min Liu",
	title = "Deep Learning for Aspect-Based Sentiment Analysis",
	year = "2015",
}

@book{python,
	author    = "",
	title     = "History and License",
	year      = "2016",
	publisher = "Python Software Fundation",
	address   = "Reading, Massachusetts"
}

@misc{mr_dataset,
	title     = "Movie Review Data",
	url       = "http://www.cs.cornell.edu/people/pabo/movie-review-data/",
	note = {Online, accesat la: 15.06.2016},
}

@misc{dennyb2015,
	author="Denny Britz",
	title     = "Implementing a CNN for text classification in tensorflow",
	url       = "http://www.wildml.com/2015/12/implementing-a-cnn-for-text-classification-in-tensorflow/",
	note = {Online, accesat la: 15.06.2016},
}

@misc{pythonhistory,
	author    = "Python Software Fundation",
	title     = "History and License",
	url       = "https://docs.python.org/3/license.html",
	note = {Online, accesat la: 11.06.2016},
}

@misc{python_tutorial,
	author    = "Python Software Fundation",
	title     = "The Python Tutorial",
	url       = "https://docs.python.org/3/tutorial/index.html",
	note = {Online, accesat la: 11.06.2016},
}


@misc{tensorflowhistory,
	author    = "Google Brain Team",
	title     = "Credits and Acknowledgments",
	url       = "https://www.tensorflow.org/about.html",
	note = {Online, accesat la: 11.06.2016},
}

@misc{tensorflow,
	author    = "Google Brain Team",
	title     = "Overview of TensorFlow",
	url       = "https://www.tensorflow.org",
	note = {Online, accesat la: 11.06.2016},
}	
@misc{scipy_numpy,
	author =    {Eric Jones and Travis Oliphant and Pearu Peterson and others},
	title =     {{SciPy}: Open source scientific tools for {Python}},
	year =      {2001--},
	url = "http://www.scipy.org/",
	note = {[Online, accesat la: 11.06.2016]}
}
@misc{numpy_tutorial,
	author =    {Bernd Klein, Bodenseo},
	title =     {Numpy Tutorial},
	year =      {2011-2016},
	url = "http://www.python-course.eu/numpy.php",
	note = {[Online, accesat la: 11.06.2016]}
}

@misc{numpy_tutorial,
	author =    {Bernd Klein, Bodenseo},
	title =     {Numpy Tutorial},
	year =      {2011-2016},
	url = "http://www.python-course.eu/numpy.php",
	note = {[Online, accesat la: 11.06.2016]}
}

@misc{deep_tutorial,
	author =    {Andrew Ng, Jiquan Ngiam, Chuan Yu Foo, Yifan Mai, Caroline Suen, Adam Coates, Andrew Maas, Awni Hannun, Brody Huval, Tao Wang, Sameep Tandon},
	title =     {Stanford UFLDL	wiki},
	year =      {2016},
	url = "http://ufldl.stanford.edu/tutorial/",
	note = {[Online, accesat la: 12.06.2016]}
}

@misc{cs229_lecture_notes,
	author =    {Andrew Ng},
	title =     {CS229 Lecture Notes},
	year =      {2015},
	url = "http://cs229.stanford.edu/",
	note = {[Online, accesat la: 12.06.2016]}
}

@misc{cs224d,
	author =    {Richard Socher, James Hong, Sameep Bagadia, David Dindi, B. Ramsundar, N. Arivazhagan, Qiaojing Yan},
	title =     {CS 224D Deep Learning For NLP},
	year =      {2016},
	url = "http://cs224d.stanford.edu/",
	note = {[Online, accesat la: 12.06.2016]}
}

@misc{tensorflow2015-whitepaper,
	title={{TensorFlow}: Large-Scale Machine Learning on Heterogeneous Systems},
	url={http://tensorflow.org/},
	note={Software available from tensorflow.org},
	author={
	Mart\'{\i}n~Abadi and
	Ashish~Agarwal and
	Paul~Barham and
	Eugene~Brevdo and
	Zhifeng~Chen and
	Craig~Citro and
	Greg~S.~Corrado and
	Andy~Davis and
	Jeffrey~Dean and
	Matthieu~Devin and
	Sanjay~Ghemawat and
	Ian~Goodfellow and
	Andrew~Harp and
	Geoffrey~Irving and
	Michael~Isard and
	Yangqing Jia and
	Rafal~Jozefowicz and
	Lukasz~Kaiser and
	Manjunath~Kudlur and
	Josh~Levenberg and
	Dan~Man\'{e} and
	Rajat~Monga and
	Sherry~Moore and
	Derek~Murray and
	Chris~Olah and
	Mike~Schuster and
	Jonathon~Shlens and
	Benoit~Steiner and
	Ilya~Sutskever and
	Kunal~Talwar and
	Paul~Tucker and
	Vincent~Vanhoucke and
	Vijay~Vasudevan and
	Fernanda~Vi\'{e}gas and
	Oriol~Vinyals and
	Pete~Warden and
	Martin~Wattenberg and
	Martin~Wicke and
	Yuan~Yu and
	Xiaoqiang~Zheng},
	year={2015},
}